
@article{agrawal2004primes,
  title={PRIMES is in P},
  author={Agrawal, Manindra and Kayal, Neeraj and Saxena, Nitin},
  journal={Annals of mathematics},
  pages={781--793},
  year={2004},
  publisher={JSTOR}
}

@article{ISO:c11,
  title={SC22/WG14. ISO/IEC 9899: 2011},
  author= "International Organization for Standardization",
  address = "Geneva, Switzerland",
  journal="Information technology-Programming languages-C",
  year={2011}
}

@misc{denislibtommath,
  title={Libtommath},
  author={Denis, Tom St},
  url="https://github.com/libtom/libtommath",
  urldate="2015-12-25"
}

@article{stmulti,
  title={Multi-precision math (tommath library documentation)},
  author={St Denis, Tom and Rasmussen, Mads and Rose, Greg},
  note="To be found as tommath.pdf on the internet or build from the source in libtommath.",
  url="https://github.com/libtom/libtommath/doc",
  urldate="2018-09-04"
}



@article{barkley1962approximate,
  title={Approximate formulas for some functions of prime numbers},
  author={Barkley Rosser, J and Schoenfeld, Lowell},
  journal={Illinois Journal of Mathematics},
  volume={6},
  pages={6z--9z},
  year={1962}
}

@book{obsieger2013numerical,
  title={Numerical Methods II-Roots and Equation Systems},
  author={Obsieger, Boris},
  year={2013},
  publisher={university-books. eu}
}

@article{bach1993sieve,
  title={Sieve algorithms for perfect power testing},
  author={Bach, Eric and Sorenson, Jonathan},
  journal={Algorithmica},
  volume={9},
  number={4},
  pages={313--328},
  year={1993},
  publisher={Springer}
}

@article{halley1694original,
  title={Methodus Nova Accurata et Facilis Inveniendi Radices AEquationum Quarumcumque Generaliter, Sine Praevia Reductione},
  author={Halley, Edmond},
  year={1694},
  volume={18},
  number={210},
  pages={136--148},
  publisher={Philosophical Transactions},
  url="http://www.jstor.org/stable/102449?seq=1#page_scan_tab_contents",
  urldate="2016-06-16"
}

@article{bernstein1998detecting,
  title={Detecting perfect powers in essentially linear time},
  author={Bernstein, Daniel},
  journal={Mathematics of Computation of the American Mathematical Society},
  volume={67},
  number={223},
  pages={1253--1283},
  year={1998},
  url={http://www.ams.org/mcom/1998-67-223/S0025-5718-98-00952-1/S0025-5718-98-00952-1.pdf},
  urldate="2016-06-20"
}

@incollection{jeffrey2000integer,
  title={Integer Roots For Integer-Power-Content Calculations},
  author={Jeffrey, DJ and Giesbrecht, MW and Corless, RM},
  booktitle={Computer Mathematics},
  pages={71--74},
  year={2000},
  publisher={World Scientific}
}

@article{dusart1999,
  title={The $k^{\text{\tiny th}}$ prime is greater than $k (\log k + \log\log k-1)$ for $k \geq 2$},
  author={Dusart, Pierre},
  journal={Mathematics of Computation of the American Mathematical Society},
  volume={68},
  number={225},
  pages={411--415},
  year={1999},
  url={http://www.ams.org/mcom/1999-68-225/S0025-5718-99-01037-6/S0025-5718-99-01037-6.pdf},
  urldate="2018-03-04"
}

@article{rosser1962approximate,
  title={Approximate formulas for some functions of prime numbers},
  author={Rosser, J Barkley and Schoenfeld, Lowell and others},
  journal={Illinois Journal of Mathematics},
  volume={6},
  number={1},
  pages={64--94},
  year={1962},
  publisher={University of Illinois at Urbana-Champaign, Department of Mathematics},
  url={https://projecteuclid.org/euclid.ijm/1255631807},
  urldate="2018-03-04"

}
@article{sebah2001newton,
  title={Newton's method and high order iterations},
  author={Sebah, Pascal and Gourdon, Xavier},
  journal={Numbers Comput.},
  pages={1--10},
  year={2001},
  url = {http://numbers.computation.free.fr/Constants/Algorithms/newton.html},
  urldate = "2018-03-05"
}


@article{newton1967methodus,
  title={Methodus fluxionum et serierum infinitarum, 1671},
  author={Newton, Isaac},
  journal={The method of fluxions and infinite series},
  year={1967}
}

@book{raphson1702analysis,
  title={Analysis aequationum universalis},
  author={Raphson, Joseph},
  year={1702},
  publisher={typis TB prostant venales apud A. \& I. Churchill},
  url={https://play.google.com/store/books/details?id=JYQ_AAAAcAAJ&rdid=book-JYQ_AAAAcAAJ&rdot=1},
  urldate="2018-03-05"
}

@inproceedings{gentleman1966fast,
  title={Fast Fourier Transforms: for fun and profit},
  author={Gentleman, W Morven and Sande, Gordon},
  booktitle={Proceedings of the November 7-10, 1966, fall joint computer conference},
  pages={563--578},
  year={1966},
  organization={ACM}
}

@article{dietz2015understanding,
  title={Understanding integer overflow in C/C++},
  author={Dietz, Will and Li, Peng and Regehr, John and Adve, Vikram},
  journal={ACM Transactions on Software Engineering and Methodology (TOSEM)},
  volume={25},
  number={1},
  pages={2},
  year={2015},
  publisher={ACM},
  url="http://www.cs.utah.edu/~regehr/papers/overflow12.pdf",
  urldate="2018-03-13"
}

@inproceedings{lenstra2002primality,
  title={Primality testing with Gaussian periods},
  author={Lenstra Jr, Hendrik W and Pomerance, Carl},
  booktitle={FSTTCS},
  pages={1},
  year={2002},
  url={https://pdfs.semanticscholar.org/2b24/99600a772bb9f173a481db55a59e30d030a6.pdf},
  urldate="2018-03-22"
}

@article{bernstein2003proving,
  title={Proving primality after agrawal-kayal-saxena},
  author={Bernstein, Daniel J},
  journal={Department of Mathematics, Statistics, and Computer Science, University of Illinois. Available from the World Wide Web:< http://cr. yp. to/papers/aks. pdf},
  year={2003}
}

@book{hensel1908theorie,
  title={Theorie der algebraischen Zahlen},
  author={Hensel, Kurt},
  volume={1},
  year={1908},
  publisher={BG Teubner}
}



